@manual{lm3s6965,
  author = "Texas Instruments",
  title = "Stellaris LM3S6965 Microcontroller",
  address = "108 Wild Basin, Austin, TX 78746",
  year = "2011",
  month = "November",
  note = "Rev. 11108",
}
@manual{cm3,
  author = "ARM Limited",
  title = "Cortex-M3 Technical Reference Manual",
  year = "2006",
  note = "Rev. r1p1",
}
@misc{emg30,
  author = "Devantech Ltd (Robot Electronics)",
  title = "EMG30, mounting bracket and wheel specification",
  url = "http://www.robot-electronics.co.uk/htm/emg30.htm",
  note = "EMG30 motor data sheet",
}
@misc{hbridge,
  author = "Carsten Albertsen",
  organization = "MMMI, University of Southern Denmark",
  title = "Dual H-Bridge\_V2.SchDoc",
  year = "2012",
  note = "H-bridge schematic",
}
@manual{newlib,
  author = "Steve Chamberlain and Roland Pesch and Jeff Johnston",
  title = "The Red Hat newlib C Library",
  organization = "Red Hat",
  year = "2010",
  month = "December",
  url = "ftp://sources.redhat.com/pub/newlib/libc.pdf",
}
@misc{dlmalloc,
  author    = "Doug Lea",
  title     = "A Memory Allocator",
  year      = "2000",
  url = "http://g.oswego.edu/dl/html/malloc.html",
}
@misc{XILINX_MEM,
 author={Xilinx Inc.},
 title={LogiCORE IP Block Memory Generator Datasheet},
 year={2012},
 note={PDF Included on the CD}
}
@misc{SPI_ADNS,
 author={Avago Technologies},
 title={ADNS-9500 LaserStream Gaming Sensor Datasheet},
 year={2011},
 note={PDF Included on the CD. Used pages: 15-40}
}
@misc{SPI_ADIS,
 author={Analog Devices},
 title={ADIS16400/ADIS1640 Datasheet},
 year={2009},
 note={PDF Included on the CD.}
}
@manual{safertos,
  author = "Texas Instruments",
  address = "108 Wild Basin, Austin, TX 78746",
  title = "SafeRTOS User's Manual",
  year = "2009",
  url = "http://www.ti.com/lit/ug/spmu040a/spmu040a.pdf",
}
@misc{website:freertos-memory,
  author = "Real Time Engineers Ltd.",
  title = "FreeRTOS Memory Management",
  month = "May",
  year = 2012,
  url = "http://www.freertos.org/a00111.html"
}
@Techreport{DCMOTOR,
 author={L. B. Larsen, K. S. Olsen, K. L. Schwaner},
 title={DC Motor karakteristik},
 institution={University of Southern Denmark},
 url={},
 year={2012},
 note={}
}
